@article{floyd1993random,
  title={Random early detection gateways for congestion avoidance},
  author={Floyd, Sally and Jacobson, Van},
  journal={IEEE/ACM Transactions on Networking (ToN)},
  volume={1},
  number={4},
  pages={397--413},
  year={1993},
  publisher={IEEE Press}
}

@article{stoica2001chord,
  title={Chord: A scalable peer-to-peer lookup service for internet applications},
  author={Stoica, Ion and Morris, Robert and Karger, David and Kaashoek, M Frans and Balakrishnan, Hari},
  journal={ACM SIGCOMM Computer Communication Review},
  volume={31},
  number={4},
  pages={149--160},
  year={2001},
  publisher={ACM}
}

@phdthesis{armando-thesis,
author = {Solar-Lezama, Armando},
advisor = {Bodik, Rastislav},
title = {Program Synthesis by Sketching},
year = {2008},
publisher = {University of California at Berkeley},
address = {USA}
}

@article{armando2013sketch,
author = {Solar-Lezama, Armando},
title = {Program Sketching},
year = {2013},
volume = {15},
number = {5–6},
journal = {Int. J. Softw. Tools Technol. Transf.},
pages = {475–495}
}
